<record><leader>00000cas a2200000 a 4500</leader><controlfield tag="001">14758826</controlfield><controlfield tag="008">861117d186318uutxuwr ne      0    0eng c</controlfield><datafield ind1=" " ind2=" " tag="010"><subfield code="a">sn 86090105 </subfield></datafield><datafield ind1=" " ind2=" " tag="040"><subfield code="a">PPM</subfield><subfield code="b">eng</subfield><subfield code="c">PPM</subfield><subfield code="d">NJW</subfield><subfield code="d">PPM</subfield><subfield code="d">MFN</subfield><subfield code="d">PPM</subfield><subfield code="d">CVF</subfield><subfield code="d">OCLCQ</subfield><subfield code="d">OCLCF</subfield><subfield code="d">OCLCO</subfield></datafield><datafield ind1=" " ind2=" " tag="042"><subfield code="a">pcc</subfield></datafield><datafield ind1=" " ind2=" " tag="043"><subfield code="a">n-us-tx</subfield></datafield><datafield ind1="0" ind2=" " tag="130"><subfield code="a">San Antonio weekly herald (San Antonio, Tex. : 1863)</subfield></datafield><datafield ind1="1" ind2="4" tag="245"><subfield code="a">The San Antonio weekly herald.</subfield></datafield><datafield ind1="1" ind2="7" tag="246"><subfield code="a">Weekly herald</subfield></datafield><datafield ind1=" " ind2=" " tag="260"><subfield code="a">San Antonio, Tex. :</subfield><subfield code="b">Logan, Sweet &amp; Palmer</subfield></datafield><datafield ind1=" " ind2=" " tag="300"><subfield code="a">v.</subfield></datafield><datafield ind1=" " ind2=" " tag="310"><subfield code="a">Weekly</subfield></datafield><datafield ind1="0" ind2=" " tag="362"><subfield code="a">Vol. 9, no. 22 (Aug. 15, 1863)-</subfield></datafield><datafield ind1=" " ind2="0" tag="651"><subfield code="a">San Antonio (Tex.)</subfield><subfield code="v">Newspapers.</subfield></datafield><datafield ind1=" " ind2="7" tag="655"><subfield code="a">Newspapers.</subfield><subfield code="2">fast</subfield><subfield code="0">(OCoLC)fst01423814</subfield></datafield><datafield ind1=" " ind2="7" tag="651"><subfield code="a">Texas</subfield><subfield code="z">San Antonio.</subfield><subfield code="2">fast</subfield><subfield code="0">(OCoLC)fst01205169</subfield></datafield><datafield ind1=" " ind2=" " tag="752"><subfield code="a">United States</subfield><subfield code="b">Texas</subfield><subfield code="c">Bexar</subfield><subfield code="d">San Antonio.</subfield></datafield><datafield ind1="0" ind2=" " tag="775"><subfield code="t">San Antonio daily herald (San Antonio, Tex.)</subfield><subfield code="w">(DLC)sn 86088778</subfield><subfield code="w">(OCoLC)14171449</subfield></datafield><datafield ind1="0" ind2=" " tag="775"><subfield code="t">Daily herald (San Antonio, Tex.)</subfield><subfield code="w">(DLC)sn 84022093</subfield><subfield code="w">(OCoLC)10280262</subfield></datafield><datafield ind1="0" ind2=" " tag="775"><subfield code="t">San Antonio daily herald (San Antonio, Tex. : 1877)</subfield><subfield code="w">(DLC)sn 95078922</subfield></datafield><datafield ind1="0" ind2="0" tag="780"><subfield code="t">San Antonio herald (San Antonio, Tex. : 1861)</subfield><subfield code="w">(DLC)sn 85033851</subfield><subfield code="w">(OCoLC)12290729</subfield></datafield></record>